@article{dudin,
  title={A mixture model for random graphs},
  author={Daudin, J-J and Picard, Franck and Robin, St{\'e}phane},
  journal={Statistics and computing},
  volume={18},
  number={2},
  pages={173--183},
  year={2008},
  publisher={Springer}
}


@article{commdeccompare,
  title={Comparing community structure identification},
  author={Danon, Leon and Diaz-Guilera, Albert and Duch, Jordi and Arenas, Alex},
  journal={Journal of Statistical Mechanics: Theory and Experiment},
  volume={2005},
  number={09},
  pages={P09008},
  year={2005},
  publisher={IOP Publishing}
}

@article{SLIC,
  title={SLIC superpixels compared to state-of-the-art superpixel methods},
  author={Achanta, Radhakrishna and Shaji, Appu and Smith, Kevin and Lucchi, Aurelien and Fua, Pascal and Susstrunk, Sabine},
  journal={Pattern Analysis and Machine Intelligence, IEEE Transactions on},
  volume={34},
  number={11},
  pages={2274--2282},
  year={2012},
  publisher={IEEE}
}

@inproceedings{CESNA,
  title={Community detection in networks with node attributes},
  author={Yang, Jaewon and McAuley, Julian and Leskovec, Jure},
  booktitle={Data mining (ICDM), 2013 ieee 13th international conference on},
  pages={1151--1156},
  year={2013},
  organization={IEEE}
}

@article{EM,
  title={Maximum likelihood from incomplete data via the EM algorithm},
  author={Dempster, Arthur P and Laird, Nan M and Rubin, Donald B},
  journal={Journal of the royal statistical society. Series B (methodological)},
  pages={1--38},
  year={1977},
  publisher={JSTOR}
}

@article{dan,
  title={A network approach to analyzing highly recombinant malaria parasite genes},
  author={Larremore, Daniel B and Clauset, Aaron and Buckee, Caroline O},
  journal={PLoS Comput Biol},
  volume={9},
  number={10},
  pages={e1003268},
  year={2013},
  publisher={Public Library of Science}
}

@article{cancer,
  title={The consensus molecular subtypes of colorectal cancer},
  author={Guinney, Justin and Dienstmann, Rodrigo and Wang, Xin and de Reyni{\`e}s, Aur{\'e}lien and Schlicker, Andreas and Soneson, Charlotte and Marisa, Laetitia and Roepman, Paul and Nyamundanda, Gift and Angelino, Paolo and others},
  journal={Nature medicine},
  year={2015},
  publisher={Nature Publishing Group}
}

@inproceedings{socialnetwork,
  title={Producing a unified graph representation from multiple social network views},
  author={Greene, Derek and Cunningham, P{\'a}draig},
  booktitle={Proceedings of the 5th Annual ACM Web Science Conference},
  pages={118--121},
  year={2013},
  organization={ACM}
}

@inproceedings{jurecommunity,
  title={Empirical comparison of algorithms for network community detection},
  author={Leskovec, Jure and Lang, Kevin J and Mahoney, Michael},
  booktitle={Proceedings of the 19th international conference on World wide web},
  pages={631--640},
  year={2010},
  organization={ACM}
}

@article{muchacommunity,
  title={Communities in networks},
  author={Porter, Mason A and Onnela, Jukka-Pekka and Mucha, Peter J},
  journal={Notices of the AMS},
  volume={56},
  number={9},
  pages={1082--1097},
  year={2009}
}

@incollection{ilouvain,
  title={I-Louvain: An Attributed Graph Clustering Method},
  author={Combe, David and Largeron, Christine and G{\'e}ry, Mathias and Egyed-Zsigmond, El{\H{o}}d},
  booktitle={Advances in Intelligent Data Analysis XIV},
  pages={181--192},
  year={2015},
  publisher={Springer}
}

@inproceedings{cesna,
  title={Community detection in networks with node attributes},
  author={Yang, Jaewon and McAuley, Julian and Leskovec, Jure},
  booktitle={Data mining (ICDM), 2013 ieee 13th international conference on},
  pages={1151--1156},
  year={2013},
  organization={IEEE}
}

@article{clauset,
  title={Structure and inference in annotated networks},
  author={Newman, Mark EJ and Clauset, Aaron},
  journal={Nature Communications},
  volume={7},
  pages={11863},
  year={2016},
  publisher={Nature Publishing Group}
}

@article{newmanDetect,
  title={Graph spectra and the detectability of community structure in networks},
  author={Nadakuditi, Raj Rao and Newman, Mark EJ},
  journal={Physical review letters},
  volume={108},
  number={18},
  pages={188701},
  year={2012},
  publisher={APS}
}

@article{mooreDetect,
  title={Asymptotic analysis of the stochastic block model for modular networks and its algorithmic applications},
  author={Decelle, Aurelien and Krzakala, Florent and Moore, Cristopher and Zdeborov{\'a}, Lenka},
  journal={Physical Review E},
  volume={84},
  number={6},
  pages={066106},
  year={2011},
  publisher={APS}
}

@article{malikSeg,
  title={Normalized cuts and image segmentation},
  author={Shi, Jianbo and Malik, Jitendra},
  journal={Pattern Analysis and Machine Intelligence, IEEE Transactions on},
  volume={22},
  number={8},
  pages={888--905},
  year={2000},
  publisher={IEEE}
}

@incollection{browetCommunity,
  title={Community detection for hierarchical image segmentation},
  author={Browet, Arnaud and Absil, P-A and Van Dooren, Paul},
  booktitle={Combinatorial Image Analysis},
  pages={358--371},
  year={2011},
  publisher={Springer}
}

@article{hollandSBM,
  title={Stochastic blockmodels: First steps},
  author={Holland, Paul W and Laskey, Kathryn Blackmond and Leinhardt, Samuel},
  journal={Social networks},
  volume={5},
  number={2},
  pages={109--137},
  year={1983},
  publisher={Elsevier}
}

@INPROCEEDINGS{Santner,
  author = {Jakob Santner and Thomas Pock and Horst Bischof},
  title = {Interactive Multi-Label Segmentation},
  booktitle = {Proceedings 10th Asian Conference on Computer Vision (ACCV), Queenstown, New Zealand},
  year = {2010},
  month = {November}
}

@article{bonacci,
  title={Identification of new mechanisms of cellular response to chemotherapy by tracking changes in post-translational modifications by ubiquitin and ubiquitin-like proteins},
  author={Bonacci, Thomas and Audebert, Stéphane and Camoin, Luc and Baudelet, Emilie and Bidaut, Ghislain and Garcia, Maxime and Witzel, Ini-Isabée and Perkins, Neil D and Borg, Jean-Paul and Iovanna, Juan-Lucio and others},
  journal={Journal of proteome research},
  volume={13},
  number={5},
  pages={2478--2494},
  year={2014},
  publisher={ACS Publications}
}

@article{peel2017ground,
  title={The ground truth about metadata and community detection in networks},
  author={Peel, Leto and Larremore, Daniel B and Clauset, Aaron},
  journal={Science Advances},
  volume={3},
  number={5},
  pages={e1602548},
  year={2017},
  publisher={American Association for the Advancement of Science}
}

@article{hric,
  title={Network structure, metadata, and the prediction of missing nodes and annotations},
  author={Hric, Darko and Peixoto, Tiago P and Fortunato, Santo},
  journal={Physical Review X},
  volume={6},
  number={3},
  pages={031038},
  year={2016},
  publisher={APS}
}

@article{agha,
  title={An immune clock of human pregnancy},
  author={Aghaeepour, Nima and Ganio, Edward A and Mcilwain, David and Tsai, Amy S and Tingle, Martha and Van Gassen, Sofie and Gaudilliere, Dyani K and Baca, Quentin and McNeil, Leslie and Okada, Robin and others},
  journal={Science immunology},
  volume={2},
  number={15},
  pages={eaan2946},
  year={2017},
  publisher={Science Immunology}
}

@article{microbiomedata,
  title={Tipping elements in the human intestinal ecosystem},
  author={Lahti, Leo and Saloj{\"a}rvi, Jarkko and Salonen, Anne and Scheffer, Marten and De Vos, Willem M},
  journal={Nature communications},
  volume={5},
  year={2014},
  publisher={Nature Publishing Group}
}

@inproceedings{linkComm,
  title={Using community information to improve the precision of link prediction methods},
  author={Soundarajan, Sucheta and Hopcroft, John},
  booktitle={Proceedings of the 21st International Conference on World Wide Web},
  pages={607--608},
  year={2012},
  organization={ACM}
}

@article{collabComm,
  title={Incorporating community detection and clustering techniques into collaborative filtering model},
  author={Deng, Wei and Patil, Rajvardhan and Najjar, Lotfollah and Shi, Yong and Chen, Zhengxin},
  journal={Procedia Computer Science},
  volume={31},
  pages={66--74},
  year={2014},
  publisher={Elsevier}
}


@article{jureGroundTruth,
  title={Defining and evaluating network communities based on ground-truth},
  author={Yang, Jaewon and Leskovec, Jure},
  journal={Knowledge and Information Systems},
  volume={42},
  number={1},
  pages={181--213},
  year={2015},
  publisher={Springer}
}

@article{linkPredReview,
  title={Link prediction in social networks: the state-of-the-art},
  author={Wang, Peng and Xu, BaoWen and Wu, YuRong and Zhou, XiaoYu},
  journal={arXiv preprint arXiv:1411.5118},
  year={2014}
}

@article{collabFilterReview,
  title={Collaborative filtering beyond the user-item matrix: A survey of the state of the art and future challenges},
  author={Shi, Yue and Larson, Martha and Hanjalic, Alan},
  journal={ACM Computing Surveys (CSUR)},
  volume={47},
  number={1},
  pages={3},
  year={2014},
  publisher={ACM}
}

@article{shaiCC,
  title={Case studies in network community detection},
  author={Shai, Saray and Stanley, Natalie and Granell, Clara and Taylor, Dane and Mucha, Peter J},
  journal={arXiv preprint arXiv:1705.02305},
  year={2017}
}

@article{blondel,
  title={Fast unfolding of communities in large networks},
  author={Blondel, Vincent D and Guillaume, Jean-Loup and Lambiotte, Renaud and Lefebvre, Etienne},
  journal={Journal of statistical mechanics: theory and experiment},
  volume={2008},
  number={10},
  pages={P10008},
  year={2008},
  publisher={IOP Publishing}
}

@article{comparative,
  title={Comparative study for inference of hidden classes in stochastic block models},
  author={Zhang, Pan and Krzakala, Florent and Reichardt, J{\"o}rg and Zdeborov{\'a}, Lenka},
  journal={Journal of Statistical Mechanics: Theory and Experiment},
  volume={2012},
  number={12},
  pages={P12021},
  year={2012},
  publisher={IOP Publishing}
}

@article{tiagomcmc,
  title={Efficient Monte Carlo and greedy heuristic for the inference of stochastic block models},
  author={Peixoto, Tiago P},
  journal={Physical Review E},
  volume={89},
  number={1},
  pages={012804},
  year={2014},
  publisher={APS}
}

@article{decelle,
  title={Inference and phase transitions in the detection of modules in sparse networks},
  author={Decelle, Aurelien and Krzakala, Florent and Moore, Cristopher and Zdeborov{\'a}, Lenka},
  journal={Physical Review Letters},
  volume={107},
  number={6},
  pages={065701},
  year={2011},
  publisher={APS}
}

@article{taylor,
  title={Enhanced detectability of community structure in multilayer networks through layer aggregation},
  author={Taylor, Dane and Shai, Saray and Stanley, Natalie and Mucha, Peter J},
  journal={Physical review letters},
  volume={116},
  number={22},
  pages={228301},
  year={2016},
  publisher={APS}
}

@article{louvain,
  title={Fast unfolding of communities in large networks},
  author={Blondel, Vincent D and Guillaume, Jean-Loup and Lambiotte, Renaud and Lefebvre, Etienne},
  journal={Journal of statistical mechanics: theory and experiment},
  volume={2008},
  number={10},
  pages={P10008},
  year={2008},
  publisher={IOP Publishing}
}

@article{fortu1,
  title={Community detection in graphs},
  author={Fortunato, Santo},
  journal={Physics reports},
  volume={486},
  number={3-5},
  pages={75--174},
  year={2010},
  publisher={Elsevier}
}

@article{fortu2,
  title={Community detection in networks: A user guide},
  author={Fortunato, Santo and Hric, Darko},
  journal={Physics Reports},
  volume={659},
  pages={1--44},
  year={2016},
  publisher={Elsevier}
}

@article{sbmOrig,
  title={Estimation and prediction for stochastic blockmodels for graphs with latent block structure},
  author={Snijders, Tom AB and Nowicki, Krzysztof},
  journal={Journal of classification},
  volume={14},
  number={1},
  pages={75--100},
  year={1997},
  publisher={Springer}
}

@article{degreeCorrect,
  title={Stochastic blockmodels and community structure in networks},
  author={Karrer, Brian and Newman, Mark EJ},
  journal={Physical Review E},
  volume={83},
  number={1},
  pages={016107},
  year={2011},
  publisher={APS}
}


